00598cas a22002291a 4500
001 9917738163502836
003 Nz
005 20161223172957.0
008 040113d19301930nz  r ne      0   0 eng d
035    $a (Nz)8182096
035    $a (OCoLC)947774580
035    $a (NLNZils)1773816
035    $a (NLNZils)1773816-ilsdb
040    $a WN $c WN
042    $a nznb
043    $a u-nz---
245 00 $a Suburban review and Peninsula advertiser.
260    $a Dunedin [N.Z.]
310    $a Weekly
362 0  $a 1930 Feb.8-1930 May24
651  0 $a Dunedin (N.Z.) $v Newspapers.
655  7 $a New Zealand newspapers. $2 local $5 Nz
